@article{Triplett1999377,
title = "Gas–liquid two-phase flow in microchannels Part I: two-phase flow patterns ",
journal = "International Journal of Multiphase Flow ",
volume = "25",
number = "3",
pages = "377 - 394",
year = "1999",
note = "",
issn = "0301-9322",
author = "K.A. Triplett and S.M. Ghiaasiaan and S.I. Abdel-Khalik and D.L. Sadowski",
}


@article{dambreakexp,
 author = {J. C. Martin, W. J. Moyce},
 journal = "Philosophical Transactions of the Royal Society of London. Series A, Mathematical and Physical Sciences",
 number = {882},
 pages = {312-324},
 publisher = {The Royal Society},
 title = {Part IV. An Experimental Study of the Collapse of Liquid Columns on a Rigid Horizontal Plane},
 volume = {244},
 year = {1952}
}

@article{nichols1980sola,
  title="SOLA-VOF: A Solution Algorithm for Transient Fluid Flow with Multiple Free Boundaries",
  author="Nichols, B.D. and Hirt, C.W. and Hotchkiss, R.S. and Los Alamos Scientific Laboratory",
  year={1980},
  journal="Los Alamos National Scientific Laboratory"
}


@article{Brackbill1992335,
title = "A continuum method for modeling surface tension ",
journal = "Journal of Computational Physics",
volume = "100",
number = "2",
pages = "335 - 354",
year = "1992",
author = "J.U Brackbill and D.B Kothe and C Zemach"
}


@article{Hirt1981201,
title = "Volume of fluid (VOF) method for the dynamics of free boundaries ",
journal = "Journal of Computational Physics ",
volume = "39",
number = "1",
pages = "201 - 225",
year = "1981",
author = "C.W Hirt and B.D Nichols"
}

@book{patankar1980numerical,
  title={Numerical Heat Transfer and Fluid Flow},
  author={Patankar, S.},
  isbn={9780891165224},
  lccn={79028286},
  series={Series in computational methods in mechanics and thermal sciences},
  year={1980},
  publisher={Taylor \& Francis}
}

@article{okajima,
       author={Junosuke Okajima},
       title={Phase change phenomena and heat transfer in a microchannel and their application to biological cooling system},
       journal={Tohoku university Phd Dissertation},
       year = 2011
}

@incollection{gifford,
year={1960},
isbn={978-1-4757-0539-3},
booktitle={Advances in Cryogenic Engineering},
volume={5},
series={Advances in Cryogenic Engineering},
editor={Timmerhaus, K.D.},
doi={10.1007/978-1-4757-0537-9_43},
title={A New Low-Temperature Gas Expansion Cycle},
url={http://dx.doi.org/10.1007/978-1-4757-0537-9_43},
publisher={Springer US},
author={McMahon, H.O. and Gifford, W.E.},
pages={354-367}
}

@incollection{kuriyama,
year={1996},
isbn={978-1-4613-8022-1},
booktitle={Advances in Cryogenic Engineering},
volume={41},
series={A Cryogenic Engineering Conference Publication},
editor={Kittel, Peter},
doi={10.1007/978-1-4613-0373-2_203},
title={Optimization of Operational Parameters for A 4K-GM Refrigerator},
url={http://dx.doi.org/10.1007/978-1-4613-0373-2_203},
publisher={Springer US},
author={Kuriyama, T. and Ohtani, Y. and Takahashi, M. and Nakagome, H. and Nitta, H. and Tsukagoshi, T. and Yoshida, A. and Hashimoto, T.},
pages={1615-1622}
}

@inproceedings{kuriyama_material,
year={2009},
booktitle={Cryocoolers},
volume={15},
series={Proceedings of International Cryocooler Conference},
pages={317-324},
title={Effect of Regenerator Material Configuration on
4K-GM Cryocooler Performance},
author={T. Kuriyama and K. Sagawa and H. Tachibana and T. Okamura}
}

@incollection{li,
year={1996},
isbn={978-1-4613-8022-1},
booktitle={Advances in Cryogenic Engineering},
volume={41},
series={A Cryogenic Engineering Conference Publication},
editor={Kittel, Peter},
doi={10.1007/978-1-4613-0373-2_201},
title={Influence of Valve Open Timing and Interval on Performance of 4K Gifford-McMahon Cycle Cryocooler},
url={http://dx.doi.org/10.1007/978-1-4613-0373-2_201},
publisher={Springer US},
author={Li, R. and Onishi, A. and Satoh, T. and Kanazawa, Y.},
pages={1601-1607}
}

@inproceedings{4kgm,
author={Mingyao Xu and Takaaki Morie},
title={Development of high-efficiency 4K GM cryocoolers},
booktitle={Proceeding of the 24th International Cryogenic Engineering Conference and International Cryogenic Material Conference},
year={2012},
pages={403-406}
}

@article{sspd,
       author={Shigehito Miki and Taro Yamashita and et al.},
       title={Multichannel SNSPD system with high detection efficiency at telecommunication wavelength},
       journal={Optics letters},
       volume={35},
       year = 2010,
       pages = {2133-2135}
}
@article{art,
  author={Ray Radebaugh},
  title={Cryocoolers: the state of the art and recent developments},
  journal={Journal of Physics: Condensed Matter},
  volume={21},
  number={16},
  pages={164219},
  url={http://stacks.iop.org/0953-8984/21/i=16/a=164219},
  year={2009},
}

@inproceedings{cryo_map,
author={Ray Radebaugh},
title={Refrigeration for superconductors},
journal={Proceedings of the IEEE},
booktitle={Proceedings of the IEEE},
volume={92},
number={10},
pages={1719 - 1734},
year={2004}
}

@inproceedings{zn,
   author = "Xu, Mingyao and Morie, Takaaki",
   title = "Numerical simulation of the second stage regenerator in a 4K GM cryocooler",
   journal = "AIP Conference Proceedings",
   booktitle = "AIP Conference Proceedings",
   year = "2014",
   volume = "1573",
   number = "1", 
   pages = "1143-1148",
   url = "http://scitation.aip.org/content/aip/proceeding/aipcp/10.1063/1.4860834",
   doi = "http://dx.doi.org/10.1063/1.4860834" 
}

@book{chuanrexue,
title={Heat transfer(4th edition)},
author={Shiming Yang and Wenquan Tao},
year={2006},
pages={475-477},
language={Chinese}
}

@book{cryo_reg,
author={Robert A. Ackermann},
title={Cryogenic Regenerative Heat Exchangers},
year={1997},
pages={51-52}
}

@book{teion,
title={低温工学概論},
author={萩原宏康},
year={1999},
pages={271}
}

@book{he_cryo,
title={Helium Cryogenics},
author={Van Sciver, Steven W. },
year={2012},
pages={39}
}

@misc{NIST,
title = {NIST Material Measurement Laboratory},
url={http://www.nist.gov/mml/acmd/structural_materials/cryogenicmatprop.cfm}
}

@misc{femm,
title = {Finite Element Method Magnetics(femm 4.2)},
url={http://www.femm.info/wiki/download}
}

@article{Zhao1996333,
title = "Oscillatory pressure drops through a woven-screen packed column subjected to a cyclic flow ",
journal = "Cryogenics ",
volume = "36",
number = "5",
pages = "333 - 341",
year = "1996",
note = "",
issn = "0011-2275",
doi = "http://dx.doi.org/10.1016/0011-2275(96)81103-9",
url = "http://www.sciencedirect.com/science/article/pii/0011227596811039",
author = "T.S. Zhao and P. Cheng",
keywords = "oscillatory flow in packed columns",
keywords = "maximum pressure drop factor",
keywords = "cycle-averaged pressure drop factor "
}

@article{nusselt_tanaka,
author="TANAKA, Makoto and YAMASHITA, Iwao and CHISAKA, Fumitake",
title="Flow and Heat Transfer Characteristics of the Stirling Engine Regenerator in an Oscillating Flow",
journal="JSME international journal. Ser. 2, Fluids engineering, heat transfer, power, combustion, thermophysical properties",
ISSN="09148817",
publisher="一般社団法人日本機械学会",
year="1990",
month="may",
volume="33",
number="2",
pages="283-289",
URL="http://ci.nii.ac.jp/naid/110002492500/",
DOI="",
}

@book{GM_kijyunn,
title={GM冷凍機設計基準書},
author={精密機器事業部技術部},
year={2011},
language={japanese}
}

@article{gedeon,
title = "Oscillating-flow regenerator test rig: hardware and theory with derived correlations for screens and felts ",
journal = "NASA CR-198442 ",
year = "1996",
author = "Gedeon, D. and Wood, J. G.",
}

@book{kays1984compact,
  title={Compact Heat Exchangers},
  author={Kays, W.M. and London, A.L.},
  isbn={9781575240602},
  lccn={97024679},
  url={https://books.google.co.jp/books?id=A08qAQAAMAAJ},
  year={1984},
  publisher={Krieger Publishing Company}
}

@article{Costa2014255,
title = "Numerical study of the heat transfer in wound woven wire matrix of a Stirling regenerator ",
journal = "Energy Conversion and Management ",
volume = "79",
number = "",
pages = "255 - 264",
year = "2014",
note = "",
issn = "0196-8904",
doi = "http://dx.doi.org/10.1016/j.enconman.2013.11.055",
url = "http://www.sciencedirect.com/science/article/pii/S0196890413007772",
author = "S.C. Costa and Harritz Barrutia and Jon Ander Esnaola and Mustafa Tutar",

}

@article{Rios,
       author={P. A. Rios and J. L. Smith},
       title={The effect of variable specific heat of the matrix on the performance of thermal regenerators},
       journal={Advances in Cryogenic Engineering},
       volume={13},
       year = 1967,
       pages = {566-573}
}

@book{hausen1983heat,
  title={Heat Transfer: In Counterflow, Parallel Flow and Cross Flow},
  author={Hausen, H.},
  isbn={9780070272156},
  lccn={81011772},
  url={https://books.google.co.jp/books?id=fkRRAAAAMAAJ},
  year={1983},
  publisher={McGraw-Hill}
}


@article{alp,
title = "A pulse tube refrigerator below 2 K ",
journal = "Cryogenics ",
volume = "39",
number = "10",
pages = "865 - 869",
year = "1999",
note = "",
issn = "0011-2275",
doi = "http://dx.doi.org/10.1016/S0011-2275(99)00101-0",
url = "http://www.sciencedirect.com/science/article/pii/S0011227599001010",
author = "M.Y. Xu and A.T.A.M. De Waele and Y.L. Ju",
}


@inproceedings{4ksim,
       author={M Y Xu and T Morie},
       title={Numerical simulation of 4K GM cryocooler},
       booktitle={Cryocoolers, Proc. of the 17th Int. Cryocooler Conf. (Los Angeles, CA, 9-12 July 2012)},
       volume={59},
       editor={Se Der Miller and R G Ross Jr},
       publisher={Boulder: International Cryocooler Conference},
       year = 2012,
       pages = {253-9}
}

@incollection{GOS,
year={2003},
isbn={978-0-306-47714-0},
booktitle={Cryocoolers 12},
editor={Ross, RonaldG., Jr.},
doi={10.1007/0-306-47919-2_63},
title={A New Ceramic Magnetic Regenerator Material for 4 K Cryocoolers},
url={http://dx.doi.org/10.1007/0-306-47919-2_63},
publisher={Springer US},
author={Numazawa, T. and Yanagitani, T. and Nozawa, H. and Ikeya, Y. and Li, R. and Satoh, T.},
pages={473-481}
}

@article{lambda,
title = "Cryocoolers near their low-temperature limit ",
journal = "Cryogenics ",
volume = "69",
number = "",
pages = "18 - 25",
year = "2015",
note = "",
issn = "0011-2275",
doi = "http://dx.doi.org/10.1016/j.cryogenics.2015.03.002",
url = "http://www.sciencedirect.com/science/article/pii/S0011227515000272",
author = "A.T.A.M. de Waele",
}

@article{copper_cp,
title = "Heat capacities of pure copper and silver and of dilute alloys of Cu, Ag, Zn, Mg and Al with transition metals of the first row at low temperatures",
journal = "Physica",
volume ="32",
year="1966",
pages="1097-1109",
author="F.J. Du Chatenier and J. De Nobel"
}

@inproceedings{cylinder,

author = "Nakano, Kyosuke and Xu, Mingyao and Takayama, Hirokazu and Tsuchiya, Akihiro and Saito, Motokazu",

title = "Development of high efficiency 4 K two-stage pulse tube cryocoolers with split valve unit",

journal = "AIP Conference Proceedings",

booktitle = "AIP Conference Proceedings",

year = "2012",

volume = "1434",
 
number = "1",
pages = "532-539",
url = "http://scitation.aip.org/content/aip/proceeding/aipcp/10.1063/1.4706961"
}

